<?xml version="1.0" encoding="UTF-8"?><record xmlns="http://www.loc.gov/MARC21/slim" xmlns:cinclude="http://apache.org/cocoon/include/1.0" xmlns:zs="http://www.loc.gov/zing/srw/">
  <leader>00397cz  a2200121n  4500</leader>
  <controlfield tag="001">n 2003087750</controlfield>
  <controlfield tag="003">DLC</controlfield>
  <controlfield tag="005">20030929152055.0</controlfield>
  <controlfield tag="008">030929n| acannaabn          |n ana      </controlfield>
  <datafield tag="010" ind1=" " ind2=" ">
    <subfield code="a">n 2003087750</subfield>
  </datafield>
  <datafield tag="040" ind1=" " ind2=" ">
    <subfield code="a">DLC</subfield>
    <subfield code="b">eng</subfield>
    <subfield code="c">DLC</subfield>
  </datafield>
  <datafield tag="110" ind1="2" ind2=" ">
    <subfield code="a">Shaw University.</subfield>
    <subfield code="b">Board of Directors</subfield>
  </datafield>
  <datafield tag="670" ind1=" " ind2=" ">
    <subfield code="a">NUCMC data from Shaw University for William Russell Strassner records, 1949-1963</subfield>
    <subfield code="b">(Shaw University. Board of Directors)</subfield>
  </datafield>
</record>